<?xml version="1.0" encoding="UTF-8"?>
<Document xmlns="urn:iso:std:iso:20022:tech:xsd:camt.053.001.02" xmlns:xs="http://www.w3.org/2001/XMLSchema"
          xmlns:xsi="http://www.w3.org/2001/XMLSchema-instance">
  <BkToCstmrStmt>
    <GrpHdr>
      <MsgId>KOBE111130009991</MsgId>
      <CreDtTm>2011-11-30T14:09:00.00Z</CreDtTm>
      <MsgPgntn>
        <PgNb>1</PgNb>
        <LastPgInd>true</LastPgInd>
      </MsgPgntn>
    </GrpHdr>
    <Stmt>
      <Id>KOBE111130009991</Id>
      <ElctrncSeqNb>1</ElctrncSeqNb>
      <CreDtTm>2011-11-30T14:09:00.00Z</CreDtTm>
      <Acct>
        <Id>
          <IBAN>CH8809000000505005006</IBAN>
        </Id>
      </Acct>
      <Bal>
        <Tp>
          <CdOrPrtry>
            <Cd>OPBD</Cd>
          </CdOrPrtry>
        </Tp>
        <Amt Ccy="CHF">191.99</Amt>
        <CdtDbtInd>CRDT</CdtDbtInd>
        <Dt>
          <Dt>2011-11-29</Dt>
        </Dt>
      </Bal>
      <Bal>
        <Tp>
          <CdOrPrtry>
            <Cd>CLBD</Cd>
          </CdOrPrtry>
        </Tp>
        <Amt Ccy="CHF">190.99</Amt>
        <CdtDbtInd>CRDT</CdtDbtInd>
        <Dt>
          <Dt>2011-11-30</Dt>
        </Dt>
      </Bal>
      <Ntry>
        <Amt Ccy="CHF">3.50</Amt>
        <CdtDbtInd>CRDT</CdtDbtInd>
        <Sts>BOOK</Sts>
        <BookgDt>
          <Dt>2011-11-30</Dt>
        </BookgDt>
        <ValDt>
          <Dt>2011-11-30</Dt>
        </ValDt>
        <AcctSvcrRef>20111129001032001038264000000111</AcctSvcrRef>
        <BkTxCd>
          <Domn>
            <Cd>PMNT</Cd>
            <Fmly>
              <Cd>RCDT</Cd>
              <SubFmlyCd>VCOM</SubFmlyCd>
            </Fmly>
          </Domn>
        </BkTxCd>
        <NtryDtls>
          <TxDtls>
            <Refs>
              <AcctSvcrRef>20111129001032001038264000000111</AcctSvcrRef>
            </Refs>
            <AmtDtls>
              <InstdAmt>
                <Amt Ccy="CHF">3.50</Amt>
              </InstdAmt>
            </AmtDtls>
            <BkTxCd>
              <Domn>
                <Cd>PMNT</Cd>
                <Fmly>
                  <Cd>RCDT</Cd>
                  <SubFmlyCd>VCOM</SubFmlyCd>
                </Fmly>
              </Domn>
            </BkTxCd>
          </TxDtls>
        </NtryDtls>
        <AddtlNtryInf>ORANGE EINZAHLUNGSSCHEINE VERARBEITUNG 29.11.2011 KUNDENNUMMER 01-38264-3</AddtlNtryInf>
      </Ntry>
      <Ntry>
        <Amt Ccy="CHF">4.50</Amt>
        <CdtDbtInd>DBIT</CdtDbtInd>
        <Sts>BOOK</Sts>
        <BookgDt>
          <Dt>2011-11-30</Dt>
        </BookgDt>
        <ValDt>
          <Dt>2011-11-30</Dt>
        </ValDt>
        <AcctSvcrRef>20111130001020001762625000000103</AcctSvcrRef>
        <BkTxCd>
          <Domn>
            <Cd>PMNT</Cd>
            <Fmly>
              <Cd>ICDT</Cd>
              <SubFmlyCd>AUTT</SubFmlyCd>
            </Fmly>
          </Domn>
        </BkTxCd>
        <NtryDtls>
          <TxDtls>
            <Refs>
              <AcctSvcrRef>20111130001020001762625000000103</AcctSvcrRef>
            </Refs>
            <AmtDtls>
              <InstdAmt>
                <Amt Ccy="CHF">4.50</Amt>
              </InstdAmt>
            </AmtDtls>
            <BkTxCd>
              <Domn>
                <Cd>PMNT</Cd>
                <Fmly>
                  <Cd>ICDT</Cd>
                  <SubFmlyCd>AUTT</SubFmlyCd>
                </Fmly>
              </Domn>
            </BkTxCd>
            <RmtInf>
              <Strd>
                <CdtrRefInf>
                  <Ref>123457</Ref>
                </CdtrRefInf>
              </Strd>
            </RmtInf>
          </TxDtls>
        </NtryDtls>
        <AddtlNtryInf>E-FINANCE 01-38264-3 TESTLABOR ONLINE/OFFLINE PRODUCT-MANAGEMENT II</AddtlNtryInf>
      </Ntry>
    </Stmt>
  </BkToCstmrStmt>
</Document>
